@book {
    book:bass,
    author = "Len Bass, Paul clements and Rick Kazman",
    title = "Software Architecture in Practice",
    publisher = "Pearson Education, Inc",
    year = "2013"
}

@book {
    book:sommerville,
    author = "Ian Sommerville",
    title = "Software Engineering, Ninth Edition",
    publisher = "Pearson Education, Inc",
    year = "2011"
}

@book {
    book:unix_written_c,
    author = "Stallings, William",
    title = "Operating Systems: Internals and Design Principles tth ed, p. 91",
    publisher = "Pearson Education, Inc",
    year = "2005"
}

@misc{
    website:debian-sudo,
    author = "Debian Wiki",
    title = "Sudo",
    month = "August",
    year = "2013",
    howpublished = "https://wiki.debian.org/sudo"
}

@misc{
    website:debian-usermanagement,
    author = "GNU/Linux tutorials",
    title = "An extra user account",
    month = "November",
    year = "2013",
    howpublished = "http://www.debian.org/doc/manuals/debian-reference/ch01.en.html"
}

@misc{
    website:netatalk,
    author = "Netatalk",
    title = "Open Source AFP File Server",
    month = "November",
    year = "2013",
    howpublished = "http://netatalk.sourceforge.net/"
}

@misc{
    website:svn,
    author = "Apache",
    title = "Subversion",
    month = "November",
    year = "2013",
    howpublished = "http://subversion.apache.org/"
}

@misc{
    website:svn_wiki,
    author = "Wikipedia",
    title = "Apache Subversion",
    month = "November",
    year = "2013",
    howpublished = "http://en.wikipedia.org/wiki/Apache\_Subversion"
}

@misc{
    website:cvn_wiki,
    author = "Wikipedia",
    title = "Concurrent Versions System",
    month = "November",
    year = "2013",
    howpublished = "http://en.wikipedia.org/wiki/Concurrent\_Versions\_System"
}

@misc{
    website:virtualenv,
    author = "Virtualenv",
    title = "Tool to create isolated Python environments",
    month = "November",
    year = "2013",
    howpublished = "http://www.virtualenv.org/"
}

@misc{
    website:denyhosts,
    author = "Denyhosts",
    title = "Security software to thwart SSH attacks",
    month = "November",
    year = "2013",
    howpublished = "http://denyhosts.sourceforge.net/"
}

@misc{
    website:vsftpd,
    author = "vsftpd",
    title = "Very Secure FTP Deamon",
    month = "November",
    year = "2013",
    howpublished = "https://security.appspot.com/vsftpd.html"
}

@misc{
    website:buildessentatial,
    author = "Debian",
    title = "build-essential package",
    month = "November",
    year = "2013",
    howpublished = "http://packages.debian.org/sid/build-essential"
}

@misc {
    website:django_runserver,
    author = "Django",
    title = "django-admin.py and manage.py"
    month = "November",
    year = "2013",
    howpublished = "https://docs.djangoproject.com/en/1.5/ref/django-admin/"
}

@misc {
    website:rallydev,
    author = "Rally Software",
    title = "Rallydev community edition"
    month = "November",
    year = "2013",
    howpublished = "http://www.rallydev.com/product-features/rally-community-edition"
}

@misc {
    website:trello,
    author = "Trello",
    title = "Task organiser software",
    month = "November",
    year = "2013",
    howpublished = "https://trello.com/"
}

@misc {
    website:easybacklog,
    author = "easyBacklog",
    title = "Backlog management tool",
    month = "November",
    year = "2013",
    howpublished = "http://easybacklog.com"
}


@misc {
    website:python_frameworks,
    author = "Python",
    title = "Web framworks",
    month = "November",
    year = "2013",
    howpublished = "https://wiki.python.org/moin/WebFrameworks"
}

@misc {
    website:pivotaltracker,
    author = "Pivotal tracker",
    title = "Project management tool",
    month = "November",
    year = "2013",
    howpublished = "https://www.pivotaltracker.com/"
}

@misc {
    website:wbs_wiki,
    author = "Wikipedia",
    title = "Work breakdown structure",
    month = "November",
    year = "2013",
    howpublished = "http://en.wikipedia.org/wiki/Work\_breakdown\_structure"
}

@misc {
    website:php_pros_cons,
    author = "Jolie O'dell",
    title = "8 Experts Break Down the Pros and Cons of Coding With PHP",
    month = "November",
    year = "2010",
    howpublished = "http://mashable.com/2010/11/19/pros-cons-php/"
}

@misc {
    website:gant_wiki,
    author = "Wikipedia",
    title = "Gantt chart",
    month = "November",
    year = "2013",
    howpublished = "http://en.wikipedia.org/wiki/Gantt\_chart"
}

@misc {
    website:webgl_opengl,
    author = "Khronos Wiki",
    title = "WebGL and OpenGL",
    month = "November",
    year = "2013",
    howpublished = "http://www.khronos.org/webgl/wiki/WebGL\_and\_OpenGL"
}

@misc {
    website:c3dl_astroid,
    author = "Canvas 3D JS",
    title = "Astroids demo",
    month = "November",
    year = "2013",
    howpublished = "http://www.c3dl.org/index.php/webgl-demos/asteroids-3d/"
}

@misc {
    website:c3dl,
    author = "Canvas 3D JS",
    title = "WebGL Framework",
    month = "November",
    year = "2013",
    howpublished = "http://www.c3dl.org/"
}

@misc {
    website:three,
    author = "THREE",
    title = "WebGL Framework",
    month = "November",
    year = "2013",
    howpublished = "http://threejs.org"
}

@misc {
    website:babylon,
    author = "Babylon",
    title = "WebGL Framework",
    month = "November",
    year = "2013",
    howpublished = "http://babylonjs.com"
}

@misc {
    website:javascript,
    author = "Mozilla",
    title = "JavaScript",
    month = "November",
    year = "2013",
    howpublished = "https://developer.mozilla.org/en-US/docs/Web/JavaScript"
}

@misc {
    website:typhoon,
    author = "Typhoon",
    title = "objC dependancy injection container",
    month = "November",
    year = "2013",
    howpublished = "http://www.typhoonframework.org/"
}

@misc {
    website:frothkit,
    author = "frothkit",
    title = "Objective-C Web Application Framework",
    month = "November",
    year = "2013",
    howpublished = "https://code.google.com/p/frothkit/"
}

@misc {
    license_python,
    author = "Python",
    title = "PSF Licence",
    month = "November",
    year = "2013",
    howpublished = "http://docs.python.org/2/license.html"
}

@misc {
    license_git,
    author = "git",
    title = "GPLv2 Licence",
    month = "November",
    year = "2013",
    howpublished = "http://git-scm.com/about/free-and-open-source"
}


@misc {
    license_django,
    author = "Django",
    title = "BSD Licence",
    month = "November",
    year = "2013",
    howpublished = "https://github.com/django/django/blob/master/LICENSE"
}

@misc {
    license_south,
    author = "South",
    title = "Apache Licence",
    month = "November",
    year = "2013",
    howpublished = "https://pypi.python.org/pypi/South/"
}

@misc {
    license_three,
    author = "Three",
    title = "MIT License",
    month = "November",
    year = "2013",
    howpublished = "https://github.com/mrdoob/three.js/blob/master/LICENSE"
}

@misc {
    license_virtualenv,
    author = "virtualenv",
    title = "MIT License",
    month = "November",
    year = "2013",
    howpublished = "http://www.virtualenv.org/en/latest/virtualenv.html\#status-and-license"
}

@misc {
    license_pip,
    author = "Python Pip",
    title = "MIT License",
    month = "November",
    year = "2013",
    howpublished = "https://pypi.python.org/pypi/pip"
}

@misc {
    license_bootstrap,
    author = "Twitter Bootstrap",
    title = "MIT License",
    month = "November",
    year = "2013",
    howpublished = "https://github.com/twbs/bootstrap/blob/master/LICENSE-MIT"
}

@misc {
    license_spectrum,
    author = "Spectrum",
    title = "License",
    month = "November",
    year = "2013",
    howpublished = "https://github.com/bgrins/spectrum/blob/master/LICENSE"
}

@misc {
    license_visio,
    author = "Microsoft Visio",
    title = "License",
    month = "November",
    year = "2013",
    howpublished = "http://office.microsoft.com/en-us/microsoft-software-license-terms-for-microsoft-office-2010-HA101817777.aspx"
}

@misc {
    license_growl,
    author = "jQuery growl",
    title = "License",
    month = "November",
    year = "2013",
    howpublished = "http://projects.zoulcreations.com/jquery/growl/jquery.growl.js"
}

@misc {
    license_drawio,
    author = "Draw",
    title = "Copyright",
    month = "November",
    year = "2013",
    howpublished = "http://draw.io"
}

@misc {
    license_vsftpd,
    author = "vsftpd",
    title = "GPL License",
    month = "November",
    year = "2013",
    howpublished = "https://security.appspot.com/vsftpd.html"
}

@misc {
    license_netatalk,
    author = "netatalk",
    title = "GPLv2 License",
    month = "November",
    year = "2013",
    howpublished = "http://netatalk.sourceforge.net/2.2/ReleaseNotes2.2.1.html"
}

@misc {
    license_vim,
    author = "vim",
    title = "GPL License",
    month = "November",
    year = "2013",
    howpublished = "http://www.vim.org/about.php"
}

@misc {
    license_denyhosts,
    author = "denyhosts",
    title = "GPL License",
    month = "November",
    year = "2013",
    howpublished = "http://en.opensuse.org/DenyHosts"
}

@misc {
    license_screen,
    author = "GNU screen",
    title = "GPL License",
    month = "November",
    year = "2013",
    howpublished = "http://en.wikipedia.org/wiki/GNU\_Screen"
}

@misc {
    license_openssh,
    author = "openssh server",
    title = "BSD License",
    month = "November",
    year = "2013",
    howpublished = "http://www.openssh.com/"
}


@misc {
    license_jquery,
    author = "jQuery",
    title = "MIT Licence",
    month = "November",
    year = "2013",
    howpublished = "https://jquery.org/license/"
}

@misc {
    website:javascript_history,
    author = "Netscape",
    title = "Netscape and Sun announce JavaScript, the open, cross-platform object scripting language for enterprise networks and the internet",
    month = "December",
    year = "1995",
    howpublished = "http://web.archive.org/web/20070916144913/http://wp.netscape.com/newsref/pr/newsrelease67.html"
}

@misc {
    website:jquery,
    author = "jQuery",
    title = "Javascript Framework",
    month = "November",
    year = "2013",
    howpublished = "http://jquery.com"
}

@misc {
    website:jquery_mobile,
    author = "jQuery Mobile",
    title = "Lightweight Javascript Framework",
    month = "November",
    year = "2013",
    howpublished = "http://jquerymobile.com"
}

@misc {
    website:django,
    author = "Django",
    title = "The web framework for perfectionists with deadlines",
    month = "November",
    year = "2013",
    howpublished = "https://www.djangoproject.com/"
}

@misc {
    website:flask,
    author = "Flask",
    title = "A Python Microframework",
    month = "November",
    year = "2013",
    howpublished = "http://flask.pocoo.org"
}

@misc {
    website:zurb,
    author = "Foundation",
    title = "Frontend CSS framework",
    month = "November",
    year = "2013",
    howpublished = "http://foundation.zurb.com/docs/"
}

@misc {
    website:foundation_usage,
    author = "Builtwith Trends",
    title = "Foundation usage",
    month = "November",
    year = "2013",
    howpublished = "http://trends.builtwith.com/docinfo/Foundation"
}
@misc {
    website:kickstart,
    author = "HTML Kickstart",
    title = "Frontend CSS framework",
    month = "November",
    year = "2013",
    howpublished = "http://www.99lime.com/"
}

@misc {
    website:pylons,
    author = "Pylons",
    title = "Pyramid web framework",
    month = "November",
    year = "2013",
    howpublished = "http://www.pylonsproject.org/"
}

@misc {
    website:bootstrap_trends,
    author = "BuiltWith ",
    title = "Twitter Bootstrap Trends",
    month = "November",
    year = "2013",
    howpublished = "http://trends.builtwith.com/docinfo/Twitter-Bootstrap"
}

@misc {
    website:django_admindocs,
    author = "Django",
    title = "The Django admin documentation generator",
    month = "November",
    year = "2013",
    howpublished = "https://docs.djangoproject.com/en/dev/ref/contrib/admin/admindocs/"
}

@misc {
    website:pydoc,
    author = "Python",
    title = "pydoc - Documentation generator and online help system",
    month = "November",
    year = "2013",
    howpublished = "http://docs.python.org/2/library/pydoc.html"
}

@misc {
    website:doxygen,
    author = "Doxygen",
    title = "Generate documentation from source code",
    month = "November",
    year = "2013",
    howpublished = "http://www.stack.nl/~dimitri/doxygen/"
}

@misc {
    website:sphinx,
    author = "Sphinx",
    title = "Python document generator",
    month = "November",
    year = "2013",
    howpublished = "http://sphinx-doc.org/"
}

@misc {
    website:vim,
    author = "VIM",
    title = {"The editor"},
    month = "November",
    year = "2013",
    howpublished = "http://www.vim.org/"
}

@misc {
    website:sublime_text,
    author = "Sublime Text",
    title = {"The text editor you'll fall in love with"},
    month = "November",
    year = "2013",
    howpublished = "http://www.sublimetext.com/"
}

@misc {
    website:eclipse,
    author = "Eclipse",
    title = "Homepage",
    month = "November",
    year = "2013",
    howpublished = "http://www.eclipse.org/"
}

@misc {
    website:pycharm,
    author = "JetBrains",
    title = "PyCharm",
    month = "November",
    year = "2013",
    howpublished = "http://www.jetbrains.com/pycharm/"
}

@misc {
    website:techdrill,
    author = "Techdrill",
    title = {"The All-In-One Integrated Drilling Software"},
    month = "November",
    year = "2013",
    howpublished = "http://techdrill.com/"
}

@misc {
    website:selenium,
    author = "Selenium",
    title = {"Web Browser Automation"},
    month = "November",
    year = "2013",
    howpublished = "http://docs.seleniumhq.org/"
}

@misc {
    website:unittest,
    author = "Python",
    title = {unittest},
    month = "November",
    year = "2013",
    howpublished = "http://docs.python.org/2/library/unittest.html"
}

@misc {
    website:pytest,
    author = "pytest",
    title = {"helps you write better programs"},
    month = "November",
    year = "2013",
    howpublished = "http://pytest.org/latest/"
}

@misc {
    website:doctest,
    author = "Python",
    title = {doctest},
    month = "November",
    year = "2013",
    howpublished = "http://docs.python.org/2/library/doctest.html"
}

@misc {
    website:django_doctest,
    author = "Django",
    title = {Django and doctests},
    month = "November",
    year = "2013",
    howpublished = "https://docs.djangoproject.com/en/1.5/topics/testing/doctests/"
}

@misc {
    website:webgl_framworks,
    author = "Khronos Wiki",
    title = "WebGL Frameworks",
    month = "November",
    year = "2013",
    howpublished = "http://www.khronos.org/webgl/wiki/User_Contributions#Frameworks"
}

@misc {
    website:draw_io,
    author = "draw.io",
    title = "online drawing tool",
    month = "November",
    year = "2013",
    howpublished = "http://draw.io"
}

@misc {
    website:balsamiq,
    author = "Balsamiq",
    title = "drawing software",
    month = "November",
    year = "2013",
    howpublished = "http://balsamiq.com/"
}
@misc {
    website:lucidchart,
    author = "Lucidchart"
    title = {"Flow Chart Maker \& Online Diagram Software"},
    month = "November",
    year = "2013",
    howpublished = "https://www.lucidchart.com/"
}

@misc {
    website:builtwith_jquery,
    author = "BuiltWith",
    title = "jQuery Usage Statistics",
    month = "November",
    year = "2013",
    howpublished = "http://trends.builtwith.com/javascript/jQuery"
}

@misc {
    website:mockingbird,
    author = "Mockingbird",
    title = "online drawing tool",
    month = "November",
    year = "2013",
    howpublished = "https://gomockingbird.com/mockingbird/"
}

@misc {
    website:microsoft_visio,
    author = "Microsoft Visio",
    title = {"flowchart software"},
    month = "November",
    year = "2013",
    howpublished = "http://office.microsoft.com/en-001/visio"
}

@misc {
    website:visio_review,
    author = "Top Ten Reviews",
    title = {"Microsoft Visio review - 9.28/10"},
    month = "November",
    year = "2013",
    howpublished = "http://flowchart-software-review.toptenreviews.com/visio-review.html"
}

@misc {
    website:visio_wiki,
    author = "Wikipedia",
    title = {"Microsoft Visio"},
    month = "November",
    year = "2013",
    howpublished = "http://en.wikipedia.org/wiki/Microsoft\_Visio"
}

@misc {
    website:visio_review2,
    author = "Spiceworks",
    title = {"Microsoft Visio reviews - 4.5/5"},
    month = "November",
    year = "2013",
    howpublished = "http://community.spiceworks.com/product/14818-microsoft-visio"
}

@misc {
    website:visio_alternatives,
    author = "The Top Tens",
    title = {"Best Visio alternatives"},
    month = "November",
    year = "2013",
    howpublished = "http://www.thetoptens.com/best-visio-alternatives/"
}

@misc {
    website:git_vs_mercurial,
    author = "Atlassian",
    title = "Getting started with distributed version control system"
    month = "November",
    year = "2013",
    howpublished = "https://www.atlassian.com/dvcs/overview/dvcs-options-git-or-mercurial"
}


@misc {
    website:ruby_on_rails,
    author = "Ruby on Rails",
    title = "Web framework"
    month = "November",
    year = "2013",
    howpublished = "http://rubyonrails.org/"
}

@misc {
    website:php_python_ruby,
    author = "Udemy",
    title = "Infograpic: Ruby vs Python vs PHP",
    month = "November",
    year = "2013",
    howpublished = "https://www.udemy.com/blog/modern-language-wars/"
}

https://www.udemy.com/blog/modern-language-wars/

@misc {
    website:git_vs_mercurial,
    author = "Atlassian",
    title = "Mercurial vs Git: Why Mercurial?",
    month = "February",
    year = "2012",
    howpublished = "http://blogs.atlassian.com/2012/02/mercurial-vs-git-why-mercurial/?utm\_source=wac-dvcs&utm\_medium=text&utm\_content=dvcs-options-git-or-mercurial"
}

@misc {
    website:importantshock_git_vs_mercurial,
    author = "Patrick Thomson",
    title = "Git vs Mercurial: Please Relax"
    month = "August",
    year = "2008",
    howpublished = "http://importantshock.wordpress.com/2008/08/07/git-vs-mercurial/"
}

@misc {
    website:mercurial_vs_git,
    author = "Atlassian",
    title = "Mercurial vs Git: Why Git?"
    month = "February",
    year = "2012",
    howpublished = "http://blogs.atlassian.com/2012/02/mercurial-vs-git-why-mercurial/?utm_source=wac-dvcs&utm_medium=text&utm_content=dvcs-options-git-or-mercurial"
}

@misc{
    website:git,
    author = "Git",
    title = "Version Control software",
    month = "November",
    year = "2013",
    howpublished = "http://git-scm.com/"
}

@misc{
    website:vim,
    author = "Vim",
    title = "Text editor"
    month = "November",
    year = "2013",
    howpublished = "http://www.vim.org/"
}

@misc{
    website:screen,
    author = "GNU",
    title = "Screen",
    month = "November",
    year = "2013",
    howpublished = "https://www.gnu.org/software/screen/"
}

@misc{
    website:pip,
    author = "Python",
    title = "Pip",
    month = "November",
    year = "2013",
    howpublished = "https://pypi.python.org/pypi/pip"
}

@misc{
    website:openssh,
    author = "OpenSSH",
    month = "November",
    year = "2013",
    howpublished = "http://www.openssh.com/"
}

@misc{
    website:git_history,
    author = "Git",
    title = "A short history of Git",
    month = "November",
    year = "2013",
    howpublished = "http://git-scm.com/book/en/Getting-Started-A-Short-History-of-Git"
}

@misc{
    website:mercurial,
    author = "Selenic",
    title = "Mercurial",
    month = "November",
    year = "2013",
    howpublished = "http://mercurial.selenic.com/"
}

@misc{
    website:mercurial_about,
    author = "Selenic",
    title = "About Mercurial",
    month = "November",
    year = "2013",
    howpublished = "http://mercurial.selenic.com/about/"
}

@misc{
    website:git_servicehooks,
    author = "Git",
    title = "Post Receive hooks",
    month = "November",
    year = "2013",
    howpublished = "https://help.github.com/articles/post-receive-hooks"
}

@misc{
    website:continous_integration,
    author = "Martin Fowler",
    title = "Continous Integration",
    month = "May",
    year = "2006",
    howpublished = "http://www.martinfowler.com/articles/continuousIntegration.html"
}

@misc{
    website:git_vs_svn,
    author = "Git",
    title = "A short history of Git",
    month = "November",
    year = "2013",
    howpublished = "http://git-scm.com/book/en/Getting-Started-A-Short-History-of-Git"
}

@misc {
    github_repository,
    author = "tomfa@github",
    title = "wellvis project repository",
    month = "November",
    year = "2013",
    howpublished = "https://github.com/tomfa/ww"
}

@misc {
    website:planning_poker,
    author = "Mike Cohn",
    title = "Planning Poker",
    month = "November",
    year = "2013",
    howpublished = "http://www.mountaingoatsoftware.com/agile/planning-poker"
}

@misc {
    website:whats_versioncontrol,
    author = "Git",
    title = "About Version control",
    month = "November",
    year = "2013",
    howpublished = "http://git-scm.com/book/en/Getting-Started-About-Version-Control"
}

@misc {
    website:githelp,
    author = "Github",
    title = "Set up Git"
    month = "November",
    year = "2013",
    howpublished = "https://help.github.com/articles/set-up-git\#platform-linux"
}

@misc {
    website:github,
    author = "Github",
    title = "Version control software",
    month = "November",
    year = "2013",
    howpublished = "http://github.com"
}

@misc {
    website:django_settings,
    author = "Django",
    title = "Django settings"
    month = "November",
    year = "2013",
    howpublished = "https://docs.djangoproject.com/en/1.5/topics/settings/"
}

@misc {
    website:django_install,
    author = "Django",
    month = "November",
    title = "How to install Django",
    year = "2013",
    howpublished = "https://docs.djangoproject.com/en/dev/topics/install/"
}

@misc {
    website:kruchten,
    author = "Philippe Kruchten",
    title = "Architectural Blueprints—The “4+1” View Model of Software Architecture",
    month = "November",
    year = "1995",
    howpublished = "http://www.cs.ubc.ca/~gregor/teaching/papers/4+1view-architecture.pdf"
}

@misc {
    website:proglang_popularity,
    author = "LangPop.Com",
    title = "Programming Language Popularity",
    month = "November",
    year = "2013",
    howpublished = "http://www.langpop.com/"
}
@misc {
    website:python_vs_php,
    author = "Python",
    title = "Python vs PHP",
    month = "November",
    year = "2013",
    howpublished = "https://wiki.python.org/moin/PythonVsPhp"
}

@misc {
    website:programming_speed,
    author = "Guillaume Marceau",
    title = "The speed, size and dependability of programming languages",
    month = "May",
    year = "2009",
    howpublished = "http://blog.gmarceau.qc.ca/2009/05/speed-size-and-dependability-of.html"
}

@misc {
    website:the_computer_lang_benchmark_game,
    author = "Debian",
    title = "The computer language benchmark game",
    month = "May",
    year = "2009",
    howpublished = "http://shootout.alioth.debian.org/"
}

@misc {
    website:thoughts_on_flash,
    author = "Apple",
    title = "Thoughts on Flash",
    month = "April",
    year = "2010",
    howpublished = "http://www.apple.com/hotnews/thoughts-on-flash/"
}

@misc {
    website:js_wins1,
    author = "Mobile Development Center",
    title = "Will HTML 5 replace Java",
    month = "Januar",
    year = "2013",
    howpublished = "http://mobiledevelopmentcenter.info/2013/01/will-html-5-replace-java.html"
}

@misc {
    website:js_wins2,
    author = "oomph",
    title = "Will HTML 5 replace Flash in the next 5 years?",
    month = "February",
    year = "2010",
    howpublished = "http://www.oomphinc.com/thinking/2010-02/html-5-flash-future/"
}

@misc {
    website:js_wins3,
    author = "Tom Beatty, AJ O'Neal, Charles Max Wood, Jamison Dance",
    title = "Can HTML5 and JavaScript Really Replace Flash",
    month = "April",
    year = "2012",
    howpublished = "http://javascriptjabber.com/011-jsj-can-html5-and-javascript-really-replace-flash/"
}

@misc {
    website:js_wins4,
    author = "Chris Duckett",
    title = "Mozilla edges closer to replacing Flash with JavaScript",
    month = "October",
    year = "2013",
    howpublished = "http://www.zdnet.com/mozilla-edges-closer-to-replacing-flash-with-javascript-7000021499/"
}

@misc {
    website:w3schools_js,
    author = "w3schools",
    title = "JavaScript",
    month = "November",
    year = "2013",
    howpublished = "http://www.tiobe.com/index.php/content/paperinfo/tpci/index.html"
}


@misc {
    website:proglang_popularity_2,
    author = "TIOBE Software",
    title = "TIOBE Programming Community Index for November 2013",
    month = "November",
    year = "2013",
    howpublished = "http://www.tiobe.com/index.php/content/paperinfo/tpci/index.html"
}

@misc {
    website:agile_survey,
    author = "Version One",
    title = "7th Annual State of Agile Development Survey, p. 5",
    year = "2012",
    howpublished = "http://www.versionone.com/pdf/7th-Annual-State-of-Agile-Development-Survey.pdf"
}
